@book{CH_07,
author = {Nello Cristianini and Matthew W. Hahn},
title = {Introduction to Computational Genomics: A case studies approach},
publisher = {Cambridge University Press},
year = {2007}
}

@article{NW_70,
    AUTHOR = {Saul Needleman and Christian Wunsch},
    TITLE = {A General Method Applicable to the Search for Similarities
    in the Amino Acid Sequence of Two Proteins},
    journal = {Journal of Molecular Biology},
    volume = {48},
    number = {3},
    pages = {443--453},
    year = {1970},
}

@inproceedings{HL_08,
author = "J. Hamm and D. D. Lee",
 title = {Grassmann Discriminant Analysis: a Unifying View on Subspace-Based Learning},
    booktitle = {25th Int'l Conf. on Machine Learning},
    volume = {307},
    year = {2008},
    pages = {376-383}
}

@phdthesis{C_08
    author = "J.-M. Chang",
    title = "Classification on the {G}rassmannians: Theory and Applications",
    school = "Colorado State University",
    address = "Fort Collins, CO, USA",
    number = "",
    year = "2008",
    month = "May",
}

@unpublished{CKP_09,
    AUTHOR = "J.-M. Chang and M. Kirby and C. Peterson",
    TITLE = {Detecting False Positives via the Karcher Mean on Grassmann Manifolds},
    note = {under review},
    month = {March},
    year = {2009},
}


@TechReport{L_56,
  author =   {E. Lorenz},
  title =    {Empirical Orthogonal Eigenfunctions and Statistical Weather Prediction},
  institution =  {M.I.T.},
  number =   {Science Report No. 1, Statistical Forecasting Project 1},
    year =  {1956},
}

@misc{PBMW_98,
    author = {L. Page and S. Brin and R. Motwani and T. Winograd},
    title = {The PageRank Citation Ranking: Bringing Order to the Web},
    howpublished = {Stanford Digital Library Working Papers},
    address = {Stanford},
    year = {1998},
    note = {},
}
